<record><leader>00000cas a22000007a 4500</leader><controlfield tag="001">12880896</controlfield><controlfield tag="008">851206d19191962mtuwr ne      0    0eng d</controlfield><datafield ind1=" " ind2=" " tag="010"><subfield code="a">sn 85053351 </subfield></datafield><datafield ind1=" " ind2=" " tag="040"><subfield code="a">MTL</subfield><subfield code="b">eng</subfield><subfield code="c">MTL</subfield><subfield code="d">OCLCQ</subfield></datafield><datafield ind1=" " ind2=" " tag="042"><subfield code="a">msc</subfield></datafield><datafield ind1="0" ind2="4" tag="245"><subfield code="a">The Richland County leader.</subfield></datafield><datafield ind1=" " ind2=" " tag="260"><subfield code="a">Lambert, Mont. :</subfield><subfield code="b">Leader Cooperative Pub. Association,</subfield><subfield code="c">1919-</subfield></datafield><datafield ind1=" " ind2=" " tag="300"><subfield code="a">v. :</subfield><subfield code="b">ill. ;</subfield><subfield code="c">52 cm.</subfield></datafield><datafield ind1=" " ind2=" " tag="310"><subfield code="a">Weekly</subfield></datafield><datafield ind1="0" ind2=" " tag="362"><subfield code="a">Vol. 7, no. 21 (Nov. 13, 1919)-</subfield></datafield><datafield ind1="1" ind2=" " tag="362"><subfield code="a">Ceased in 1962.</subfield><subfield code="z">Cf. Courage enough : Mon-Dak family histories.</subfield></datafield><datafield ind1=" " ind2=" " tag="752"><subfield code="a">United States</subfield><subfield code="b">Montana</subfield><subfield code="c">Richland</subfield><subfield code="d">Lambert.</subfield></datafield><datafield ind1="0" ind2="0" tag="780"><subfield code="t">Lambert promoter</subfield><subfield code="w">(DLC)sn 85053350</subfield></datafield></record>